@article{klemm2014pymic,
  title={pyMIC: A Python offload module for the Intel Xeon Phi coprocessor},
  author={Klemm, Michael and Enkovaara, Jussi},
  journal={Proceedings of PyHPC},
  year={2014}
}

@article{phibook,
  title={Intel Xeon Phi Coprocessor High Performance Programming, 2013},
  author={Jeffers, Jim and Reinders, James},
  journal={Journal of Computer Science \& Technology},
}

@misc{openmp,
title={Home - OpenMP},
howpublished = "\url{http://www.openmp.org}",
year={2017},
lastaccessed  = "December 21, 2017",
}

@book{colfaxbook,
  title={Parallel Programming and Optimization with Intel Xeon Phi Coprocessors: Handbook on the Development and Optimization of Parallel Applications for Intel Xeon Processors and Intel Xeon Phi Coprocessors},
  author={Vladimirov, Andrey and Asai, Ryo and Karpusenko, Vadim},
  year={2015},
  publisher={Colfax International}
}

@misc{threadaffinity,
title={Thread Affinity Interface},
howpublished = "\url{https://software.intel.com/en-us/node/522691}",
lastaccessed  = "December 21, 2017",
}

@misc{bigmempage,
title={How to Use Huge Pages to Improve Application Performance on Intel® Xeon Phi Coprocessor},
howpublished = "\url{https://software.intel.com/sites/default/files/Large_pages_mic.pdf}",
lastaccessed  = "December 21, 2017",
}

@misc{mathlib,
title={Overview: Intel® Math Library},
howpublished = "\url{https://software.intel.com/en-us/node/522653}",
lastaccessed  = "December 21, 2017",
}

@misc{Numpy,
 title={Numpy},
 howpublished = "\url{http://www.numpy.org}",
 year={2017},
 lastaccessed = "December 21, 2017"
}

@misc{Chainer,
title={Chainer: a deep learning framework},
howpublished = "\url{https://chainer.org}",
year={2017},
lastaccessed = "December 21, 2017"

}

@misc{mnist,
title={THE MNIST DATABASE of handwritten digits},
howpublished = "\url{http://yann.lecun.com/exdb/mnist}",
lastaccessed = "December 21, 2017",
}

@misc{tensorflow,
title={TensorFlow},
howpublished = "\url{https://www.tensorflow.org}",
lastaccessed = "December 21, 2017",
}

@misc{caffe,
title={Caffe},
howpublished = "\url{http://caffe.berkeleyvision.org}",
lastaccessed = "December 21, 2017",
}

@misc{theano,
title={Theano},
howpublished = "\url{http://deeplearning.net/software/theano}",
lastaccessed = "December 21, 2017",
}

@misc{backprop,
title={Backpropagation Algorithm},
howpublished = "\url{http://deeplearning.stanford.edu/wiki/index.php/Backpropagation_Algorithm}",
lastaccessed = "December 21, 2017",
}

@article{halyo2014first,
  title={First evaluation of the CPU, GPGPU and MIC architectures for real time particle tracking based on Hough transform at the LHC},
  author={Halyo, V and LeGresley, Patrick and Lujan, P and Karpusenko, V and Vladimirov, A},
  journal={Journal of Instrumentation},
  volume={9},
  number={04},
  pages={P04005},
  year={2014},
  publisher={IOP Publishing}
}

@article{ding2014theano,
  title={Theano-based large-scale visual recognition with multiple gpus},
  author={Ding, Weiguang and Wang, Ruoyan and Mao, Fei and Taylor, Graham},
  journal={arXiv preprint arXiv:1412.2302},
  year={2014}
}

@article{hannun2014deep,
  title={Deep speech: Scaling up end-to-end speech recognition},
  author={Hannun, Awni and Case, Carl and Casper, Jared and Catanzaro, Bryan and Diamos, Greg and Elsen, Erich and Prenger, Ryan and Satheesh, Sanjeev and Sengupta, Shubho and Coates, Adam and others},
  journal={arXiv preprint arXiv:1412.5567},
  year={2014}
}

@inproceedings{krizhevsky2012imagenet,
  title={Imagenet classification with deep convolutional neural networks},
  author={Krizhevsky, Alex and Sutskever, Ilya and Hinton, Geoffrey E},
  booktitle={Advances in neural information processing systems},
  pages={1097--1105},
  year={2012}
}

@article{russakovsky2015imagenet,
  title={Imagenet large scale visual recognition challenge},
  author={Russakovsky, Olga and Deng, Jia and Su, Hao and Krause, Jonathan and Satheesh, Sanjeev and Ma, Sean and Huang, Zhiheng and Karpathy, Andrej and Khosla, Aditya and Bernstein, Michael and others},
  journal={International Journal of Computer Vision},
  volume={115},
  number={3},
  pages={211--252},
  year={2015},
  publisher={Springer}
}

@article{collobert2011natural,
  title={Natural language processing (almost) from scratch},
  author={Collobert, Ronan and Weston, Jason and Bottou, L{\'e}on and Karlen, Michael and Kavukcuoglu, Koray and Kuksa, Pavel},
  journal={Journal of Machine Learning Research},
  volume={12},
  number={Aug},
  pages={2493--2537},
  year={2011}
}

@misc{top500,
title={Top500 Supercomputing Sites},
howpublished = "\url{https://www.top500.org}",
lastaccessed = "December 21, 2017",
}

@misc{deep-frame-mic,
title={Deep Learning Frameworks for Intel Xeon Phi},
howpublished = "\url{https://software.intel.com/en-us/ai-academy/frameworks}",
lastaccessed = "December 21, 2017",
}

@misc{pymic,
title={pyMIC: A Python Offload Module for the Intel(R) Xeon Phi(TM) Coprocessor},
howpublished = "\url{https://software.intel.com/en-us/articles/pymic-a-python-offload-module-for-the-intelr-xeon-phitm-coprocessor}",
lastaccessed = "December 21, 2017",
}

@article{klemm2016using,
  title={Using the pyMIC Offload Module in PyFR},
  author={Klemm, Michael and Witherden, Freddie and Vincent, Peter},
  journal={arXiv preprint arXiv:1607.00844},
  year={2016}
}

@inproceedings{tokui2015chainer,
  title={Chainer: a next-generation open source framework for deep learning},
  author={Tokui, Seiya and Oono, Kenta and Hido, Shohei and Clayton, Justin},
  booktitle={Proceedings of workshop on machine learning systems (LearningSys) in the twenty-ninth annual conference on neural information processing systems (NIPS)},
  volume={5},
  year={2015}
}

@misc{torch,
title={Torch: A scientific computing framework for LuaJIT},
howpublished = "\url{http://torch.ch}",
lastaccessed = "December 21, 2017",
}

https://www.docker.com/

@misc{docker,
title={Docker: Build, Ship, and Run Any App, Anywhere},
howpublished = "\url{https://www.docker.com}",
lastaccessed = "December 21, 2017",
}

@misc{Broadcast,
 title={Numpy - Broadcasting},
 howpublished = "\url{https://docs.scipy.org/doc/numpy-1.13.0/user/basics.broadcasting.html}",
 lastaccessed = "December 21, 2017"
}

@misc{AdvancedIndexing,
title={Indexing},
howpublished = "\url{https://docs.scipy.org/doc/numpy-1.13.0/reference/arrays.indexing.html}",
publisher={The Scipy community},
year={2017},
lastaccessed = "December 21, 2017"
}

@inproceedings{tousimojarad2014comparison,
  title={Comparison of Three Popular Parallel Programming Models on the Intel Xeon Phi.},
  author={Tousimojarad, Ashkan and Vanderbauwhede, Wim},
  booktitle={Euro-Par Workshops (2)},
  pages={314--325},
  year={2014}
}
